@article{cabreira2019survey,
	title={Survey on coverage path planning with unmanned aerial vehicles},
	author={Cabreira, Tau{\~a} M and Brisolara, Lisane B and Paulo R, Ferreira Jr},
	journal={Drones},
	volume={3},
	number={1},
	pages={4},
	year={2019},
	publisher={MDPI}
}

@article{fevgas2022coverage,
	title={Coverage path planning methods focusing on energy efficient and cooperative strategies for unmanned aerial vehicles},
	author={Fevgas, Georgios and Lagkas, Thomas and Argyriou, Vasileios and Sarigiannidis, Panagiotis},
	journal={Sensors},
	volume={22},
	number={3},
	pages={1235},
	year={2022},
	publisher={MDPI}
}

@misc{inav,
	author       = {{iNavFlight}},
	title        = {{iNav}},
	year         = {{2023}},
	howpublished = {{Available at: \url{https://github.com/iNavFlight/inav}}},
	note         = {{Accessed: 12 July 2023}}
}

@misc{px4,
	author       = {{PX4 Autopilot Development Team}},
	title        = {{PX4 Autopilot}},
	year         = {{2023}},
	howpublished = {{Available at: \url{https://px4.io/}}},
	note         = {{Accessed: 12 July 2023}}
}

@article{foehn2022agilicious,
	title={Agilicious: Open-source and open-hardware agile quadrotor for vision-based flight},
	author={Foehn, Philipp and Kaufmann, Elia and Romero, Angel and Penicka, Robert and Sun, Sihao and Bauersfeld, Leonard and Laengle, Thomas and Cioffi, Giovanni and Song, Yunlong and Loquercio, Antonio and others},
	journal={Science robotics},
	volume={7},
	number={67},
	pages={eabl6259},
	year={2022},
	publisher={American Association for the Advancement of Science}
}

@misc{mathworkspx4,
	author       = {{MathWorks}},
	title        = {{PX4 Support Package}},
	year         = {{2023}},
	howpublished = {{Available at: \url{https://it.mathworks.com/help/supportpkg/px4/}}},
	note         = {{Accessed: 12 July 2023}}
}